@ARTICLE{Watkin93,
    author = {Watkin, T.L.H. Watkin and Nadal, J-P.},
    title = {Optimal Unsupervised Learning},
    journal = {J. Phys. A: Math. and Gen},
    year = {1993},
    pages = {1899},
    volume={27}
}
@article{barton2016ace,
  title={{ACE}: adaptive cluster expansion for maximum entropy graphical model inference},
  author={Barton, John P and De Leonardis, Eleonora and Coucke, Alice and Cocco, Simona},
  journal={Bioinformatics},
  volume={32},
  number={20},
  pages={3089--3097},
  year={2016},
  publisher={Oxford University Press}
}

@article{mcgee2021generative,
  title={The generative capacity of probabilistic protein sequence models},
  author={McGee, Francisco and Hauri, Sandro and Novinger, Quentin and Vucetic, Slobodan and Levy, Ronald M and Carnevale, Vincenzo and Haldane, Allan},
  journal={Nature communications},
  volume={12},
  number={1},
  pages={1--14},
  year={2021},
  publisher={Nature Publishing Group}
}

@book{Engel2001,
title={Statistical mechanics of learning},
author={C. Van Den Broeck and A. Engel},
year={2001},
publisher = {Cambridge University Press}
}

@book {Poggio2016,
	title = {Visual Cortex and Deep Networks: Learning Invariant Representations},
	year = {2016},
	pages = {136},
	publisher = {The MIT Press},
	organization = {The MIT Press},
	address = {Cambridge, MA, USA},
	isbn = {Hardcover: 9780262034722 | eBook: 9780262336703},
	url = {https://mitpress.mit.edu/books/visual-cortex-and-deep-networks},
	author = {Tomaso Poggio and F. Anselmi}
}

@article{Hopf2017,
author={Thomas A. Hopf and John B. Ingraham and Frank J. Poelwijk and Charlotta P.I. Sch\"arfe and Michael Springer and Chris Sander and Debora S. Marks},
title={Mutation effects predicted from sequence co-variation},
journal={Nature biotechnology},
volume={35},
pages={128–135},
year={2017}
}

@article{Dayan1995,
title={The {H}elmholtz machine},
author={P. Dayan and G.E. Hinton and R.M. Neal and R.S. Zemel},
year={1995},
journal={Neural computation},
volume={7},
pages={889–904}
}

@article{Fanthomme2021,
      title={Optimal regularizations for data generation with probabilistic graphical models}, 
      author={Arnaud Fanthomme and F Rizzato and S Cocco and R Monasson},
      year={2021},
      journal={arXiv:2112.01292},
}

@article{Harsh2020,
	doi = {10.1088/1751-8121/ab7d00},
	url = {https://doi.org/10.1088/1751-8121/ab7d00},
	year = 2020,
	publisher = {{IOP} Publishing},
	volume = {53},
	number = {17},
	pages = {174002},
	author = {Moshir Harsh and J{\'{e}}r{\^{o}}me Tubiana and Simona Cocco and R{\'{e}}mi Monasson},
	title = {`{P}lace-cell' emergence and learning of invariant data with restricted {B}oltzmann machines: breaking and dynamical restoration of continuous symmetries in the weight space},
	journal = {Journal of Physics A: Mathematical and Theoretical}
	}

@article{montanari2016,
  title={Non-negative Principal Component Analysis: Message Passing Algorithms and Sharp Asymptotics},
  author={Montanari, A and Richard, E},
  journal={IEEE Transactions on Information Theory},
  number={62},
  pages={1458-1484},
  year={2016},
  publisher={IEEE}
}

@article{monasson2017,
  title={Inference of principal components of noisy correlation matrices with prior information},
  author={Monasson, R\'emi},
  journal={2016 50th Asilomar Conference on Signals, Systems and Computers},
  doi={10.1109/ACSSC.2016.7869001},
  year={2017},
  publisher={IEEE}
}

@article{reimann1996,
  title={A {G}aussian scenario for unsupervised learning},
  author={Reimann, P and Van den Broeck, C and Bex, GJ},
  journal={Journal of Physics A},
  number={29},
  pages={3521-3535},
  year={1996},
  publisher={IOP}
}

@article{cover1965geometrical,
  title={Geometrical and statistical properties of systems of linear inequalities with applications in pattern recognition},
  author={Cover, Thomas M},
  journal={IEEE transactions on electronic computers},
  number={3},
  pages={326--334},
  year={1965},
  publisher={IEEE}
}

@article{bateman2004pfam,
  title={The {P}fam protein families database},
  author={Bateman, Alex and Coin, Lachlan and Durbin, Richard and Finn, Robert D and Hollich, Volker and Griffiths-Jones, Sam and Khanna, Ajay and Marshall, Mhairi and Moxon, Simon and Sonnhammer, Erik LL and others},
  journal={Nucleic acids research},
  volume={32},
  pages={D138--D141},
  year={2004},
  publisher={Oxford University Press}
}

@article{bernard2014,
  title={Efficient {RNA} isoform identification and quantification from {RNA}-{S}eq data with network flows},
  author={Bernard, Elsa and Jacob, Laurent and Mairal, Julien and Vert, Jean-Philippe},
  journal={Bioinformatics},
  volume={30},
  number={17},
  pages={2447--2455},
  year={2014},
  publisher={Oxford University Press}
}


@article{wu2019solving,
  title={Solving statistical mechanics using variational autoregressive networks},
  author={Wu, Dian and Wang, Lei and Zhang, Pan},
  journal={Physical Review Letters},
  volume={122},
  number={8},
  pages={080602},
  year={2019},
  publisher={APS}
}

@article{sharir2020deep,
  title={Deep autoregressive models for the efficient variational simulation of many-body quantum systems},
  author={Sharir, Or and Levine, Yoav and Wies, Noam and Carleo, Giuseppe and Shashua, Amnon},
  journal={Physical Review Letters},
  volume={124},
  number={2},
  pages={020503},
  year={2020},
  publisher={APS}
}

@article{riesselman2018deep,
  title={Deep generative models of genetic variation capture the effects of mutations},
  author={Riesselman, Adam J and Ingraham, John B and Marks, Debora S},
  journal={Nature methods},
  volume={15},
  number={10},
  pages={816--822},
  year={2018},
  publisher={Nature Publishing Group}
}

@article{riesselman2019accelerating,
  title={Protein design and variant prediction using autoregressive generative models},
  author={Shin, Jung-Eun and Riesselman, Adam J and Kollasch, Aaron W and McMahon, Conor and Simon, Elana and Sander, Chris and Manglik, Aashish and Kruse, Andrew C and Marks, Debora S},
  journal={Nature communications},
  volume={12},
  number={1},
  pages={1--11},
  year={2021},
  publisher={Nature Publishing Group}
}


@article{trinquier2021,
  title={Efficient generative modeling of protein sequences using simple autoregressive models},
  author={Jeanne Trinquier and Guido Uguzzoni and Andrea Pagnani and Francesco Zamponi and Martin Weigt},
  journal={Nature Communications},
  volume={12},
  pages={5800},
  year={2021},
}

@inproceedings{oord2016conditional,
  title={Conditional image generation with PixelCNN decoders},
  author={Oord, A{\"a}ron van den and Kalchbrenner, Nal and Vinyals, Oriol and Espeholt, Lasse and Graves, Alex and Kavukcuoglu, Koray},
  booktitle={Proceedings of the 30th International Conference on Neural Information Processing Systems},
  pages={4797--4805},
  eprint={arXiv:1606.05328},
  year={2016}
}

@article{oord2016wavenet,
  title={Wavenet: A generative model for raw audio},
  author={Oord, Aaron van den and Dieleman, Sander and Zen, Heiga and Simonyan, Karen and Vinyals, Oriol and Graves, Alex and Kalchbrenner, Nal and Senior, Andrew and Kavukcuoglu, Koray},
  journal={arXiv:1609.03499},
  year={2016}
}

@article{jumper2021highly,
  title={Highly accurate protein structure prediction with {A}lpha{F}old},
  author={Jumper, John and Evans, Richard and Pritzel, Alexander and Green, Tim and Figurnov, Michael and Ronneberger, Olaf and Tunyasuvunakool, Kathryn and Bates, Russ and {\v{Z}}{\'\i}dek, Augustin and Potapenko, Anna and others},
  journal={Nature},
  volume={596},
  number={7873},
  pages={583--589},
  year={2021},
  publisher={Nature Publishing Group}
}

@article{du2021trrosetta,
  title={The tr{R}osetta server for fast and accurate protein structure prediction},
  author={Du, Zongyang and Su, Hong and Wang, Wenkai and Ye, Lisha and Wei, Hong and Peng, Zhenling and Anishchenko, Ivan and Baker, David and Yang, Jianyi},
  journal={Nature protocols},
  volume={16},
  number={12},
  pages={5634--5651},
  year={2021},
  publisher={Nature Publishing Group}
}

@article{doersch2016tutorial,
  title={Tutorial on variational autoencoders},
  author={Doersch, Carl},
  journal={arXiv:1606.05908},
  year={2016}
}

@article{kingma2019introduction,
  title={An Introduction to Variational Autoencoders},
  author={Kingma, Diederik P and Welling, Max and others},
  journal={Foundations and Trends in Machine Learning},
  volume={12},
  number={4},
  pages={307--392},
  year={2019},
  publisher={Now Publishers, Inc.}
}

@article{wishart1928generalised,
  title={The generalised product moment distribution in samples from a normal multivariate population},
  author={Wishart, John},
  journal={Biometrika},
  volume={20},
  number={1/2},
  pages={32--52},
  year={1928},
  publisher={JSTOR}
}

@article{marvcenko1967distribution,
  title={Distribution of eigenvalues for some sets of random matrices},
  author={Mar{\v{c}}enko, Vladimir A and Pastur, Leonid Andreevich},
  journal={Mathematics of the USSR-Sbornik},
  volume={1},
  number={4},
  pages={457},
  year={1967},
  publisher={IOP Publishing}
}

@article{ackley1985learning,
  title={A learning algorithm for Boltzmann machines},
  author={Ackley, David H and Hinton, Geoffrey E and Sejnowski, Terrence J},
  journal={Cognitive science},
  volume={9},
  number={1},
  pages={147--169},
  year={1985},
  publisher={Elsevier}
}

@book{mehta2004random,
  title={Random matrices},
  author={Mehta, Madan Lal},
  year={2004},
  publisher={Elsevier}
}

@article{bun2017cleaning,
  title={Cleaning large correlation matrices: tools from random matrix theory},
  author={Bun, Jo{\"e}l and Bouchaud, Jean-Philippe and Potters, Marc},
  journal={Physics Reports},
  volume={666},
  pages={1--109},
  year={2017},
  publisher={Elsevier}
}

@book{livan2018introduction,
  title={Introduction to random matrices: theory and practice},
  author={Livan, Giacomo and Novaes, Marcel and Vivo, Pierpaolo},
  volume={26},
  year={2018},
  publisher={Springer}
}

@article{hinton2002training,
  title={Training products of experts by minimizing contrastive divergence},
  author={Hinton, Geoffrey E},
  journal={Neural computation},
  volume={14},
  number={8},
  pages={1771--1800},
  year={2002},
  publisher={MIT Press}
}

@article{haldane2021mi3,
  title={{Mi3-GPU}: {MCMC}-based inverse ising inference on {GPU}s for protein covariation analysis},
  author={Haldane, Allan and Levy, Ronald M},
  journal={Computer Physics Communications},
  volume={260},
  pages={107312},
  year={2021},
  publisher={Elsevier}
}

@article{altarelli2009connections,
  title={Connections to statistical physics},
  author={Altarelli, Fabrizio and Monasson, R{\'e}mi and Semerjian, Guilhem and Zamponi, Francesco},
  journal={Handbook of Satisfiability},
  pages={569--611},
  year={2009},
  publisher={IOS Press}
}

@article{goodfellow2014generative,
  title={Generative adversarial networks},
  author={Goodfellow, Ian J and Pouget-Abadie, Jean and Mirza, Mehdi and Xu, Bing and Warde-Farley, David and Ozair, Sherjil and Courville, Aaron and Bengio, Yoshua},
  journal={arXiv:1406.2661},
  year={2014}
}

@article{decelle2021equilibrium,
  title={Equilibrium and non-Equilibrium regimes in the learning of Restricted {B}oltzmann Machines},
  author={Decelle, Aur{\'e}lien and Furtlehner, Cyril and Seoane, Beatriz},
  journal={arXiv:2105.13889},
  year={2021}
}

@article{peyrache09,
  title={Replay of rule-learning related neural patterns in the prefrontal cortex during sleep},
  author={Peyrache, Adrien and Khamassi, Mehdi and Benchenane, Karim and Wiener, Sidney I and Battaglia, Francesco P},
  journal={Nature neuroscience},
  volume={12},
  number={7},
  pages={919--926},
  year={2009},
  publisher={Nature Publishing Group}
}

@article{stiffler2007,
  title={{PDZ} domain binding selectivity is optimized across the mouse proteome},
  author={Stiffler, Michael A and Chen, Jiunn R and Grantcharova, Viara P and Lei, Ying and Fuchs, Daniel and Allen, John E and Zaslavskaia, Lioudmila A and MacBeath, Gavin},
  journal={Science},
  volume={317},
  number={5836},
  pages={364--369},
  year={2007},
  publisher={American Association for the Advancement of Science}
}

@article{peyrache10,
  title={Principal component analysis of ensemble recordings reveals cell assemblies at high temporal resolution},
  author={Peyrache, Adrien and Benchenane, Karim and Khamassi, Mehdi and Wiener, Sidney I and Battaglia, Francesco P},
  journal={Journal of computational neuroscience},
  volume={29},
  number={1-2},
  pages={309--325},
  year={2010},
  publisher={Springer}
}

@article{baum1970maximization,
  title={A maximization technique occurring in the statistical analysis of probabilistic functions of Markov chains},
  author={Baum, Leonard E and Petrie, Ted and Soules, George and Weiss, Norman},
  journal={The annals of mathematical statistics},
  volume={41},
  number={1},
  pages={164--171},
  year={1970},
  publisher={JSTOR}
}

@book{bellman2015,
  title={Applied dynamic programming},
  author={Bellman, Richard E and Dreyfus, Stuart E},
  volume={2050},
  year={2015},
  publisher={Princeton University Press}
}

@article{viterbi1967error,
  title={Error bounds for convolutional codes and an asymptotically optimum decoding algorithm},
  author={Viterbi, Andrew},
  journal={IEEE transactions on Information Theory},
  volume={13},
  number={2},
  pages={260--269},
  year={1967},
  publisher={IEEE}
}

@article{barton2014,
  title={Large pseudocounts and $l_2$-norm penalties are necessary for the mean-field inference of {I}sing and {P}otts models},
  author={Barton, John P and Cocco, Simona and De Leonardis, E and Monasson, R{\'e}mi},
  journal={Physical Review E},
  volume={90},
  number={1},
  pages={012132},
  year={2014},
  publisher={APS}
}

@book{durbin,
  title={Biological sequence analysis: probabilistic models of proteins and nucleic acids},
  author={Durbin, Richard and Eddy, Sean R and Krogh, Anders and Mitchison, Graeme},
  year={1998},
  publisher={Cambridge University Press}
}

@book{cristianini,
  title={Introduction to computational genomics: a case studies approach},
  author={Cristianini, Nello and Hahn, Matthew W},
  year={2006},
  publisher={Cambridge University Press}
}

@article{morcos2011,
  title={Direct-coupling analysis of residue coevolution captures native contacts across many protein families},
  author={Morcos, Faruck and Pagnani, Andrea and Lunt, Bryan and Bertolino, Arianna and Marks, Debora S and Sander, Chris and Zecchina, Riccardo and Onuchic, Jos{\'e} N and Hwa, Terence and Weigt, Martin},
  journal={Proceedings of the National Academy of Sciences},
  volume={108},
  number={49},
  pages={E1293--E1301},
  year={2011},
  publisher={National Acad Sciences}
}

@article{tubiana2019learning,
  title={Learning protein constitutive motifs from sequence data},
  author={Tubiana, J{\'e}r{\^o}me and Cocco, Simona and Monasson, R{\'e}mi},
  journal={Elife},
  volume={8},
  pages={e39397},
  year={2019},
  publisher={eLife Sciences Publications Limited}
}

@article{Sanger1989,
author={T.D. Sanger},
title={Optimal unsupervised learning in a single-layer linear feedforward neural network},
journal={Neural Networks},
volume={2},
pages={459–473},
year={1989}
}

@article{ekeberg2014,
  title={Fast pseudolikelihood maximization for direct-coupling analysis of protein structure from many homologous amino-acid sequences},
  author={Ekeberg, Magnus and Hartonen, Tuomo and Aurell, Erik},
  journal={Journal of Computational Physics},
  volume={276},
  pages={341--356},
  year={2014},
  publisher={Elsevier}
}
@article{bravi2021rbm,
  title={{RBM-MHC}: {A} Semi-Supervised Machine-Learning Method for Sample-Specific Prediction of Antigen Presentation by {HLA-I} Alleles},
  author={Bravi, Barbara and Tubiana, J{\'e}r{\^o}me and Cocco, Simona and Monasson, R{\'e}mi and Mora, Thierry and Walczak, Aleksandra M},
  journal={Cell Systems},
  volume={12},
  number={2},
  pages={195--202},
  year={2021},
  publisher={Elsevier}
}

@article{figliuzzi2016coevolutionary,
  title={Coevolutionary landscape inference and the context-dependence of mutations in beta-lactamase {TEM-1}},
  author={Figliuzzi, Matteo and Jacquier, Herv{\'e} and Schug, Alexander and Tenaillon, Oliver and Weigt, Martin},
  journal={Molecular biology and evolution},
  volume={33},
  number={1},
  pages={268--280},
  year={2016},
  publisher={Oxford University Press}
}

@article{russ2020evolution,
  title={An evolution-based model for designing chorismate mutase enzymes},
  author={Russ, William P and Figliuzzi, Matteo and Stocker, Christian and Barrat-Charlaix, Pierre and Socolich, Michael and Kast, Peter and Hilvert, Donald and Monasson, Remi and Cocco, Simona and Weigt, Martin and others},
  journal={Science},
  volume={369},
  number={6502},
  pages={440--445},
  year={2020},
  publisher={American Association for the Advancement of Science}
}

@article{figliuzzi2018pairwise,
  title={How pairwise coevolutionary models capture the collective residue variability in proteins?},
  author={Figliuzzi, Matteo and Barrat-Charlaix, Pierre and Weigt, Martin},
  journal={Molecular biology and evolution},
  volume={35},
  number={4},
  pages={1018--1027},
  year={2018},
  publisher={Oxford University Press}
}

@article{cocco2018,
  title={Inverse statistical physics of protein sequences: a key issues review},
  author={Cocco, Simona and Feinauer, Christoph and Figliuzzi, Matteo and Monasson, R{\'e}mi and Weigt, Martin},
  journal={Reports on Progress in Physics},
  volume={81},
  number={3},
  pages={032601},
  year={2018},
  publisher={IOP Publishing}
}


@article{mozeika2014,
  title = {Consistent inference of a general model using the pseudolikelihood method},
  author = {Mozeika, Alexander and Dikmen, Onur and Piili, Joonas},
  journal = {Phys. Rev. E},
  volume = {90},
  issue = {1},
  pages = {010101},
  numpages = {3},
  year = {2014},
  publisher = {American Physical Society},
}


@article{meinshausen2006,
  title={High-dimensional graphs and variable selection with the lasso},
  author={Meinshausen, Nicolai and B{\"u}hlmann, Peter and others},
  journal={The annals of statistics},
  volume={34},
  number={3},
  pages={1436--1462},
  year={2006},
  publisher={Institute of Mathematical Statistics}
}


@book{friedman2001,
  title={The elements of statistical learning},
  author={Friedman, Jerome and Hastie, Trevor and Tibshirani, Robert},
  year={2001},
  publisher={Springer series in statistics New York}
}

@article{dunn2008,
  title={Mutual information without the influence of phylogeny or entropy dramatically improves residue contact prediction},
  author={Dunn, Stanley D and Wahl, Lindi M and Gloor, Gregory B},
  journal={Bioinformatics},
  volume={24},
  number={3},
  pages={333--340},
  year={2008},
  publisher={Oxford University Press}
}

@article{glasso,
  title={Sparse inverse covariance estimation with the graphical lasso},
  author={Friedman, Jerome and Hastie, Trevor and Tibshirani, Robert},
  journal={Biostatistics},
  volume={9},
  number={3},
  pages={432--441},
  year={2008},
  publisher={Oxford University Press}
}

@article{deruyter97,
  title={Reproducibility and variability in neural spike trains},
  author={van Steveninck, Rob R de Ruyter and Lewen, Geoffrey D and Strong, Steven P and Koberle, Roland and Bialek, William},
  journal={Science},
  volume={275},
  number={5307},
  pages={1805--1808},
  year={1997},
  publisher={American Association for the Advancement of Science}
}

@article{koch04,
  title={Efficiency of information transmission by retinal ganglion cells},
  author={Koch, Kristin and McLean, Judith and Berry, Michael and Sterling, Peter and Balasubramanian, Vijay and Freed, Michael A},
  journal={Current Biology},
  volume={14},
  number={17},
  pages={1523--1530},
  year={2004},
  publisher={Elsevier}
}

@article{mitchison1989bounds,
  title={Bounds on the learning capacity of some multi-layer networks},
  author={Mitchison, GJ and Durbin, RM},
  journal={Biological Cybernetics},
  volume={60},
  number={5},
  pages={345--365},
  year={1989},
  publisher={Springer}
}

@article{gardner1988space,
  title={The space of interactions in neural network models},
  author={Gardner, Elizabeth},
  journal={Journal of physics A: Mathematical and general},
  volume={21},
  number={1},
  pages={257},
  year={1988},
  publisher={IOP Publishing}
}

@article{butts,
  title={Temporal precision in the neural code and the timescales of natural vision},
  author={Butts, Daniel A and Weng, Chong and Jin, Jianzhong and Yeh, Chun-I and Lesica, Nicholas A and Alonso, Jose-Manuel and Stanley, Garrett B},
  journal={Nature},
  volume={449},
  number={7158},
  pages={92},
  year={2007},
  publisher={Nature Publishing Group}
}

@article{schneidman06,
  title={Weak pairwise correlations imply strongly correlated network states in a neural population},
  author={Schneidman, Elad and Berry II, Michael J and Segev, Ronen and Bialek, William},
  journal={Nature},
  volume={440},
  number={7087},
  pages={1007},
  year={2006},
  publisher={Nature Publishing Group}
}

@techreport{HH06,
  title={Bayesian Estimation of the Size of a Population},
  author={H{\"o}hle, Michael and Held, Leonhard},
  year={2006},
  institution={Discussion paper//Sonderforschungsbereich 386 der Ludwig-Maximilians~…}
}

@article{brune1993predicting,
  title={Predicting protein diffusion coefficients.},
  author={Brune, Douglas and Kim, Sangtae},
  journal={Proceedings of the National Academy of Sciences},
  volume={90},
  number={9},
  pages={3835--3839},
  year={1993},
  publisher={National Acad Sciences}
}

@book{berg99,
  title={Random walks in biology},
  author={Berg, Howard C},
  year={1993},
  publisher={Princeton University Press}
}

@article{ruthardt,
  title={Single-particle tracking as a quantitative microscopy-based approach to unravel cell entry mechanisms of viruses and pharmaceutical nanoparticles},
  author={Ruthardt, Nadia and Lamb, Don C and Br{\"a}uchle, Christoph},
  journal={Molecular therapy},
  volume={19},
  number={7},
  pages={1199--1211},
  year={2011},
  publisher={Elsevier}
}

@article{robson,
  title={Inferring diffusion in single live cells at the single-molecule level},
  author={Robson, Alex and Burrage, Kevin and Leake, Mark C},
  journal={Phil. Trans. R. Soc. B},
  volume={368},
  number={1611},
  pages={20120029},
  year={2013},
  publisher={The Royal Society}
}

@book{mackay2003information,
  title={Information theory, inference and learning algorithms},
  author={MacKay, David JC},
  year={2003},
  publisher={Cambridge University Press}
}
@article{jaynes1957information,
  title={Information theory and statistical mechanics},
  author={Jaynes, Edwin T},
  journal={Physical review},
  volume={106},
  number={4},
  pages={620},
  year={1957},
  publisher={APS}
}